<?xml version="1.0" encoding="UTF-8"?><record xmlns="http://www.loc.gov/MARC21/slim" xmlns:cinclude="http://apache.org/cocoon/include/1.0" xmlns:zs="http://www.loc.gov/zing/srw/">
  <leader>00551nz  a2200121n  4500</leader>
  <controlfield tag="001">n 2009004591</controlfield>
  <controlfield tag="003">DLC</controlfield>
  <controlfield tag="005">20090124082112.0</controlfield>
  <controlfield tag="008">090123n| acannaabn          |n ana      </controlfield>
  <datafield tag="010" ind1=" " ind2=" ">
    <subfield code="a">n 2009004591</subfield>
  </datafield>
  <datafield tag="040" ind1=" " ind2=" ">
    <subfield code="a">DLC</subfield>
    <subfield code="b">eng</subfield>
    <subfield code="c">DLC</subfield>
  </datafield>
  <datafield tag="110" ind1="2" ind2=" ">
    <subfield code="a">Grupo X (Musical group : London)</subfield>
  </datafield>
  <datafield tag="670" ind1=" " ind2=" ">
    <subfield code="a">Grupo X (Musical group : London). X-posure, 2000:</subfield>
    <subfield code="b">label (Grupo X) insert (Jonny Enright, vocals, trombone ; Carlos A. PenĚa, Jimmy LeMessurier, vocals, percussion ; Finn Peters, flute, saxophone ; John Crawford, Fender Rhodes ; Simon Edwards, bass ; Pete Eckford, percussion)</subfield>
  </datafield>
</record>